@inproceedings{inproc:multics,
author = "A. Bensoussan and C. T. Clingen and R. C. Daley",
title= "The multics virtual memory",
booktitle="Proceedings of the Second Symposium on Operating Systems Principles, SOSP ’69",
address="New York, NY, USA",
publisher="ACM",
year= "1969",
pages = "30-42"
}


@inproceedings{inproc:protec-rings,
author = "Michael D. Schroeder and Jerome H. Saltzer",
title = "A hardware architecture for implementing protection rings",
booktitle = "Commun. ACM, 15(3)",
pages = "157-170",
month = "March",
year = "1972"
}

@inproceedings{inproc:unix,
author="Dennis M. Ritchie and Ken Thompson",
title="The UNIX time-sharing system",
booktitle="Proceedings of the Fourth ACM Symposium on Operating System Principles, SOSP ’73",
address="New York, NY, USA",
publisher="ACM",
year="1973",
pages = "365-375"
}

@inproceedings{inproc:cap,
author = " R. M. Needham and R. D.H. Walker",
title="The cambridge cap computer and its protection system",
booktitle="SIGOPS Oper. Syst. Rev., 11(5)",
pages = "1-10",
month="November",
year="1977"
}

@inproceedings{inproc:micro,
author="J. Liedtke",
title="On micro-kernel construction",
booktitle="Proceedings of the Fifteenth ACM Symposium on Operating Systems Principles, SOSP ’95",
pages = "237-250",
address="New York, NY, USA",
year="1995",
publisher="ACM"
}

@inproceedings{inproc:plan9,
author="Rob Pike and David L. Presotto and Sean Dorward and Bob Flandrena and Ken Thompson and Howard Trickey and Phil Winterbottom",
title="Plan 9 from Bell Labs. Computing Systems",
booktitle="",
pages="221-254",
year="1995"
}

@inproceedings{inproc:exo,
author="D. R. Engler and M. F. Kaashoek and J. O’Toole, Jr",
title="Exokernel: An operat- ing system architecture for application-level resource management.",
booktitle="SIGOPS Oper. Syst. Rev., 29(5)",
pages="251-266",
month="December",
year="1995"
}

@inproceedings{inproc:spin,
author="B. N. Bershad and S. Savage and P. Pardyak and E. G. Sirer and M. E. Fiuczynski and D. Becker and C. Chambers and S. Eggers",
title="Extensibility safety and performance in the spin operating system",
booktitle="SIGOPS Oper. Syst. Rev., 29(5)",
pages="267-283",
month="December",
year="1995"
}

[9] David Mazi`eres, Michael Kaminsky, M. Frans Kaashoek, and Emmett Witchel. Separating key management from file system security. SIGOPS Oper. Syst. Rev., 33(5):124–139, December 1999.

@inproceedings{inproc:eros, 
author="Jonathan S. Shapiro and Jonathan M. Smith and David J. Farber",
title="EROS: A fast capability system",
booktitle="Proceedings of the Seventeenth ACM Symposium on Operating Systems Principles, SOSP ’99",
pages="170-185",
address="New York, NY, USA",
year="1999",
publisher="ACM"
}

[11] Petros Efstathopoulos, Maxwell Krohn, Steve VanDeBogart, Cliff Frey, David Ziegler, Eddie Kohler, David Mazi`eres, Frans Kaashoek, and Robert Morris. Labels and event processes in the asbestos operating system. SIGOPS Oper.